% Encoding: UTF-8
@article{RefWorks:doc:5c44e246e4b0591b15ea9e59,
	author={P. Th Eugster and P. A. Felber and R. Guerraoui and A. -M Kermarrec},
	year={2003},
	title={The Many Faces of Publish/Subscribe},
	journal={ACM Computing Surveys},
	volume={35},
	number={2},
	pages={114-131},
	isbn={0360-0300},
	language={English},
	doi={10.1145/857076.857078}
}

@article{key1,
	  author          = {autor},
	  title           = {title},
	  journal         = {jour},
	  volume          = {volume},
	  number          = {number},
	  year            = {year}
	}
