@inproceedings{InformationModeling4MiddlewareInAutomation,
  author    = {W. {Mahnke} and A. {Gössling} and M. {Graube} and L. {Urbas}},
  booktitle = {ETFA2011},
  title     = {Information modeling for middleware in automation},
  year      = {2011},
  volume    = {},
  number    = {},
  pages     = {1-7},
  doi       = {10.1109/ETFA.2011.6059111}
}
@inproceedings{5347097,
  author    = {K. {Gnauck} and A. {Gössling} and R. {Frenzel} and M. {Wollschlaeger} and D. {Schulz}},
  booktitle = {2009 IEEE Conference on Emerging Technologies Factory Automation},
  title     = {Development of a universal model for description of intelligent field devices through the life-cycle},
  year      = {2009},
  volume    = {},
  number    = {},
  pages     = {1-8},
  doi       = {10.1109/ETFA.2009.5347097}
}