/*{{{ Atanassov */
@inproceedings{atanassov83, 
      author={Atanassov, K. T.}, 
	year={1983}, 
      title={Intuitionistic fuzzy sets},
      booktitle={VII ITKR's Session, Sofia, June}, 
      note={(in Bulgarian)}
}

@book{ross03,
author={Ross, K.~A. and Wright, C.~R.~B.},
title={Discrete Mathematics}, 
year={2006},
publisher={PWN},
note={(in Polish)}
}

@article{mendel02,
	author={Mendel, J. M. and John, R. I.},
	title={Type-2 fuzzy sets made simple},
	journal={IEEE Transactions on Fuzzy Systems}, 
	volume={10},
      number={2}, 
	pages={117--127}, 
	year={2002}
}

@incollection{bartkiewicz00,
	author={Bartkiewicz, W.}, 
	year={2000}, 
	title={Artificial Neural Networks},
	editor={Zieli\'nski, J. S.}, 
	booktitle={Intelligent systems in management}, 
	pages={141--210},
	note={(in Polish)}, 
     	publisher={PWN}
}

@techreport{chiclana04,
	author={Chiclana, F. and Herrera-Viedma, E. and Herrera, F. and Alonso, S.}, 
	year={2004}, 
	title={Some Induced {O}rdered {W}eighted {A}veraging Operators and Their Use for Solving Group Decision Making Problems Based on Fuzzy Preference Relations}, 
	number={SCI2S-2004-01}, 
	institution={Dept. of Computer Science and Artificial Intelligence, University of Granada}
}

@phdthesis{sambuc75,
	author={Sambuc, R.}, 
	year={1975}, 
	title={Fonctions $\Phi$-floues. Application \`a l`aide au diagnostic en pathologie thyroidienne}, 
	school={Univ. Marseille, France}, 
	note={(in French)}
}

@unpublished{niew06ementor,
journal={E-mentor},
Author={Niewiadomski, A. and Indrzejczak, A.}, 
title={O algorytmach automatycznej ewaluacji wiedzy},
year={},
pages={},
note={(w przygotowaniu)}
}

